%% This BibTeX bibliography file was created using BibDesk.
%% http://bibdesk.sourceforge.net/


%% Created for FÃ¡bio Fortkamp at 2015-12-16 08:47:51 -0200 


%% Saved with string encoding Unicode (UTF-8) 



@article{bib:klevets2006,
	Author = {Nickolay I. Klevets},
	Date-Added = {2015-12-16 10:46:08 +0000},
	Date-Modified = {2015-12-16 10:47:35 +0000},
	Journal = {Journal of Magnetism and Magnetic Materials},
	Keywords = {Magnetization, Magnetic field, Magnetic lens, Magnetic system, permanent magnet, Synthesis, Optimization},
	Pages = {281-291},
	Title = {Optimal design of magnetic systems},
	Volume = {306},
	Year = {2006},
	Bdsk-File-1 = {YnBsaXN0MDDUAQIDBAUGJCVYJHZlcnNpb25YJG9iamVjdHNZJGFyY2hpdmVyVCR0b3ASAAGGoKgHCBMUFRYaIVUkbnVsbNMJCgsMDxJXTlMua2V5c1pOUy5vYmplY3RzViRjbGFzc6INDoACgAOiEBGABIAFgAdccmVsYXRpdmVQYXRoWWFsaWFzRGF0YV8QTC4uL0Ryb3Bib3gvcGFwZXJzL0tsZXZldHNfMjAwNl9PcHRpbWFsIGRlc2lnbiBvZiBtYWduZXRpYyBzeXN0ZW1zXzAwMDAwMC5wZGbSFwsYGVdOUy5kYXRhTxECLgAAAAACLgACAAAMTWFjaW50b3NoIEhEAAAAAAAAAAAAAAAAAAAA0HWWg0grAAAAB4z/H0tsZXZldHNfMjAwNl9PcHRpbWFsI0YyNjQyQi5wZGYAAAAAAAAAAAAAAAAAAAAAAAAAAAAAAAAAAAAAAAAAAADyZCvSaksQUERGIAAAAAAAAQADAAAJIAAAAAAAAAAAAAAAAAAAAAZwYXBlcnMAEAAIAADQdbKjAAAAEQAIAADSamcwAAAAAQAQAAeM/wAHi24AB1MyAAJm5gACAFNNYWNpbnRvc2ggSEQ6VXNlcnM6AGZhYmlvZm9ydGthbXA6AERyb3Bib3g6AHBhcGVyczoAS2xldmV0c18yMDA2X09wdGltYWwjRjI2NDJCLnBkZgAADgB2ADoASwBsAGUAdgBlAHQAcwBfADIAMAAwADYAXwBPAHAAdABpAG0AYQBsACAAZABlAHMAaQBnAG4AIABvAGYAIABtAGEAZwBuAGUAdABpAGMAIABzAHkAcwB0AGUAbQBzAF8AMAAwADAAMAAwADAALgBwAGQAZgAPABoADABNAGEAYwBpAG4AdABvAHMAaAAgAEgARAASAF1Vc2Vycy9mYWJpb2ZvcnRrYW1wL0Ryb3Bib3gvcGFwZXJzL0tsZXZldHNfMjAwNl9PcHRpbWFsIGRlc2lnbiBvZiBtYWduZXRpYyBzeXN0ZW1zXzAwMDAwMC5wZGYAABMAAS8AABUAAgAU//8AAIAG0hscHR5aJGNsYXNzbmFtZVgkY2xhc3Nlc11OU011dGFibGVEYXRhox0fIFZOU0RhdGFYTlNPYmplY3TSGxwiI1xOU0RpY3Rpb25hcnmiIiBfEA9OU0tleWVkQXJjaGl2ZXLRJidUcm9vdIABAAgAEQAaACMALQAyADcAQABGAE0AVQBgAGcAagBsAG4AcQBzAHUAdwCEAI4A3QDiAOoDHAMeAyMDLgM3A0UDSQNQA1kDXgNrA24DgAODA4gAAAAAAAACAQAAAAAAAAAoAAAAAAAAAAAAAAAAAAADig==}}

@article{bib:monfared,
	Author = {Behzad Monfared and Bj{\"o}rn Palm},
	Date-Added = {2015-12-14 14:59:54 +0000},
	Date-Modified = {2015-12-14 15:01:04 +0000},
	Journal = {International Journal of Refrigeration},
	Keywords = {Magnetic refrigeration, Magnetocaloric, Layering, Optimization, Temperature span, efficiency},
	Pages = {103-111},
	Title = {Optimization of layered regenerator of a magnetic refrigeration device},
	Volume = {57},
	Year = {2015},
	Bdsk-File-1 = {YnBsaXN0MDDUAQIDBAUGJCVYJHZlcnNpb25YJG9iamVjdHNZJGFyY2hpdmVyVCR0b3ASAAGGoKgHCBMUFRYaIVUkbnVsbNMJCgsMDxJXTlMua2V5c1pOUy5vYmplY3RzViRjbGFzc6INDoACgAOiEBGABIAFgAdccmVsYXRpdmVQYXRoWWFsaWFzRGF0YV8QUy4uL0Ryb3Bib3gvcGFwZXJzL01vbmZhcmVkXzIwMTVfT3B0aW1pemF0aW9uIG9mIGxheWVyZWQgcmVnZW5lcmF0b3Igb2YgYV8wMDAwMDAucGRm0hcLGBlXTlMuZGF0YU8RAkIAAAAAAkIAAgAADE1hY2ludG9zaCBIRAAAAAAAAAAAAAAAAAAAANB1loNIKwAAAAeM/x9Nb25mYXJlZF8yMDE1X09wdGltaSNGMUFBRjQucGRmAAAAAAAAAAAAAAAAAAAAAAAAAAAAAAAAAAAAAAAAAAAA8ar00mZU0VBERiAAAAAAAAEAAwAACSAAAAAAAAAAAAAAAAAAAAAGcGFwZXJzABAACAAA0HWyowAAABEACAAA0mZw8QAAAAEAEAAHjP8AB4tuAAdTMgACZuYAAgBTTWFjaW50b3NoIEhEOlVzZXJzOgBmYWJpb2ZvcnRrYW1wOgBEcm9wYm94OgBwYXBlcnM6AE1vbmZhcmVkXzIwMTVfT3B0aW1pI0YxQUFGNC5wZGYAAA4AhABBAE0AbwBuAGYAYQByAGUAZABfADIAMAAxADUAXwBPAHAAdABpAG0AaQB6AGEAdABpAG8AbgAgAG8AZgAgAGwAYQB5AGUAcgBlAGQAIAByAGUAZwBlAG4AZQByAGEAdABvAHIAIABvAGYAIABhAF8AMAAwADAAMAAwADAALgBwAGQAZgAPABoADABNAGEAYwBpAG4AdABvAHMAaAAgAEgARAASAGRVc2Vycy9mYWJpb2ZvcnRrYW1wL0Ryb3Bib3gvcGFwZXJzL01vbmZhcmVkXzIwMTVfT3B0aW1pemF0aW9uIG9mIGxheWVyZWQgcmVnZW5lcmF0b3Igb2YgYV8wMDAwMDAucGRmABMAAS8AABUAAgAU//8AAIAG0hscHR5aJGNsYXNzbmFtZVgkY2xhc3Nlc11OU011dGFibGVEYXRhox0fIFZOU0RhdGFYTlNPYmplY3TSGxwiI1xOU0RpY3Rpb25hcnmiIiBfEA9OU0tleWVkQXJjaGl2ZXLRJidUcm9vdIABAAgAEQAaACMALQAyADcAQABGAE0AVQBgAGcAagBsAG4AcQBzAHUAdwCEAI4A5ADpAPEDNwM5Az4DSQNSA2ADZANrA3QDeQOGA4kDmwOeA6MAAAAAAAACAQAAAAAAAAAoAAAAAAAAAAAAAAAAAAADpQ==}}

@article{bib:klevets,
	Author = {Nickolay I. Klevets},
	Date-Added = {2015-12-09 10:42:00 +0000},
	Date-Modified = {2015-12-09 10:43:33 +0000},
	Journal = {Journal of Magnetism and Magnetic Materials},
	Keywords = {Magnetization, Magnetic field, Magnetic system, permanent magnet, Synthesis, Optimization},
	Pages = {401-409},
	Title = {Synthesis of magnetic systems producing field with maximal scalar characteristics},
	Volume = {285},
	Year = {2005},
	Bdsk-File-1 = {YnBsaXN0MDDUAQIDBAUGJCVYJHZlcnNpb25YJG9iamVjdHNZJGFyY2hpdmVyVCR0b3ASAAGGoKgHCBMUFRYaIVUkbnVsbNMJCgsMDxJXTlMua2V5c1pOUy5vYmplY3RzViRjbGFzc6INDoACgAOiEBGABIAFgAdccmVsYXRpdmVQYXRoWWFsaWFzRGF0YV8QUi4uL0Ryb3Bib3gvcGFwZXJzL0tsZXZldHNfMjAwNV9TeW50aGVzaXMgb2YgbWFnbmV0aWMgc3lzdGVtcyBwcm9kdWNpbmcgXzAwMDAwMC5wZGbSFwsYGVdOUy5kYXRhTxECQAAAAAACQAACAAAMTWFjaW50b3NoIEhEAAAAAAAAAAAAAAAAAAAA0HWWg0grAAAAB4z/H0tsZXZldHNfMjAwNV9TeW50aGVzI0VFMjVDRS5wZGYAAAAAAAAAAAAAAAAAAAAAAAAAAAAAAAAAAAAAAAAAAADuJc7SaksEUERGIAAAAAAAAQADAAAJIAAAAAAAAAAAAAAAAAAAAAZwYXBlcnMAEAAIAADQdbKjAAAAEQAIAADSamckAAAAAQAQAAeM/wAHi24AB1MyAAJm5gACAFNNYWNpbnRvc2ggSEQ6VXNlcnM6AGZhYmlvZm9ydGthbXA6AERyb3Bib3g6AHBhcGVyczoAS2xldmV0c18yMDA1X1N5bnRoZXMjRUUyNUNFLnBkZgAADgCCAEAASwBsAGUAdgBlAHQAcwBfADIAMAAwADUAXwBTAHkAbgB0AGgAZQBzAGkAcwAgAG8AZgAgAG0AYQBnAG4AZQB0AGkAYwAgAHMAeQBzAHQAZQBtAHMAIABwAHIAbwBkAHUAYwBpAG4AZwAgAF8AMAAwADAAMAAwADAALgBwAGQAZgAPABoADABNAGEAYwBpAG4AdABvAHMAaAAgAEgARAASAGNVc2Vycy9mYWJpb2ZvcnRrYW1wL0Ryb3Bib3gvcGFwZXJzL0tsZXZldHNfMjAwNV9TeW50aGVzaXMgb2YgbWFnbmV0aWMgc3lzdGVtcyBwcm9kdWNpbmcgXzAwMDAwMC5wZGYAABMAAS8AABUAAgAU//8AAIAG0hscHR5aJGNsYXNzbmFtZVgkY2xhc3Nlc11OU011dGFibGVEYXRhox0fIFZOU0RhdGFYTlNPYmplY3TSGxwiI1xOU0RpY3Rpb25hcnmiIiBfEA9OU0tleWVkQXJjaGl2ZXLRJidUcm9vdIABAAgAEQAaACMALQAyADcAQABGAE0AVQBgAGcAagBsAG4AcQBzAHUAdwCEAI4A4wDoAPADNAM2AzsDRgNPA10DYQNoA3EDdgODA4YDmAObA6AAAAAAAAACAQAAAAAAAAAoAAAAAAAAAAAAAAAAAAADog==}}

@article{bib:china-amr,
	Author = {X. N. He and M. Q. Gong and H. Zhang and W. Dai and J. Shen and J. F. Wu},
	Date-Added = {2015-11-11 14:00:38 +0000},
	Date-Modified = {2015-11-11 14:02:19 +0000},
	Journal = {International Journal of Refrigeration},
	Keywords = {Hybrid refrigerator, magnetic refrigeration, stirling gas refrigeration, phase angle, cooling performance},
	Pages = {1465-1471},
	Title = {Design and performance of a room-temperature hybrid magnetic refrigerator combined with Stirling gas refrigeration effect},
	Volume = {36},
	Year = {2013},
	Bdsk-File-1 = {YnBsaXN0MDDUAQIDBAUGJCVYJHZlcnNpb25YJG9iamVjdHNZJGFyY2hpdmVyVCR0b3ASAAGGoKgHCBMUFRYaIVUkbnVsbNMJCgsMDxJXTlMua2V5c1pOUy5vYmplY3RzViRjbGFzc6INDoACgAOiEBGABIAFgAdccmVsYXRpdmVQYXRoWWFsaWFzRGF0YV8QTS4uL0Ryb3Bib3gvcGFwZXJzL0hlXzIwMTNfRGVzaWduIGFuZCBwZXJmb3JtYW5jZSBvZiBhIHJvb20tdGVtcGVyYV8wMDAwMDAucGRm0hcLGBlXTlMuZGF0YU8RAjAAAAAAAjAAAgAADE1hY2ludG9zaCBIRAAAAAAAAAAAAAAAAAAAANB1loNIKwAAAAeM/x9IZV8yMDEzX0Rlc2lnbiBhbmQgcCNFMUZERkIucGRmAAAAAAAAAAAAAAAAAAAAAAAAAAAAAAAAAAAAAAAAAAAA4f370mZVXFBERiAAAAAAAAEAAwAACSAAAAAAAAAAAAAAAAAAAAAGcGFwZXJzABAACAAA0HWyowAAABEACAAA0mZxfAAAAAEAEAAHjP8AB4tuAAdTMgACZuYAAgBTTWFjaW50b3NoIEhEOlVzZXJzOgBmYWJpb2ZvcnRrYW1wOgBEcm9wYm94OgBwYXBlcnM6AEhlXzIwMTNfRGVzaWduIGFuZCBwI0UxRkRGQi5wZGYAAA4AeAA7AEgAZQBfADIAMAAxADMAXwBEAGUAcwBpAGcAbgAgAGEAbgBkACAAcABlAHIAZgBvAHIAbQBhAG4AYwBlACAAbwBmACAAYQAgAHIAbwBvAG0ALQB0AGUAbQBwAGUAcgBhAF8AMAAwADAAMAAwADAALgBwAGQAZgAPABoADABNAGEAYwBpAG4AdABvAHMAaAAgAEgARAASAF5Vc2Vycy9mYWJpb2ZvcnRrYW1wL0Ryb3Bib3gvcGFwZXJzL0hlXzIwMTNfRGVzaWduIGFuZCBwZXJmb3JtYW5jZSBvZiBhIHJvb20tdGVtcGVyYV8wMDAwMDAucGRmABMAAS8AABUAAgAU//8AAIAG0hscHR5aJGNsYXNzbmFtZVgkY2xhc3Nlc11OU011dGFibGVEYXRhox0fIFZOU0RhdGFYTlNPYmplY3TSGxwiI1xOU0RpY3Rpb25hcnmiIiBfEA9OU0tleWVkQXJjaGl2ZXLRJidUcm9vdIABAAgAEQAaACMALQAyADcAQABGAE0AVQBgAGcAagBsAG4AcQBzAHUAdwCEAI4A3gDjAOsDHwMhAyYDMQM6A0gDTANTA1wDYQNuA3EDgwOGA4sAAAAAAAACAQAAAAAAAAAoAAAAAAAAAAAAAAAAAAADjQ==}}

@article{bib:coey,
	Author = {J.M.D. Coey},
	Date-Added = {2015-11-11 13:07:39 +0000},
	Date-Modified = {2015-11-11 13:09:22 +0000},
	Journal = {Journal of Magnetism and Magnetic Materials},
	Keywords = {Rare-earth permanent magnets, magnetic flux sources, variable magnetic fields, permanent magnetic allocations, Halbach cylinder, couplings, bearings, magnetic separation, motors, actuators},
	Pages = {441-456},
	Title = {Permanent magnet applications},
	Volume = {248},
	Year = {2002},
	Bdsk-File-1 = {YnBsaXN0MDDUAQIDBAUGJCVYJHZlcnNpb25YJG9iamVjdHNZJGFyY2hpdmVyVCR0b3ASAAGGoKgHCBMUFRYaIVUkbnVsbNMJCgsMDxJXTlMua2V5c1pOUy5vYmplY3RzViRjbGFzc6INDoACgAOiEBGABIAFgAdccmVsYXRpdmVQYXRoWWFsaWFzRGF0YV8QRC4uL0Ryb3Bib3gvcGFwZXJzL0NvZXlfMjAwMl9QZXJtYW5lbnQgbWFnbmV0IGFwcGxpY2F0aW9uc18wMDAwMDAucGRm0hcLGBlXTlMuZGF0YU8RAhYAAAAAAhYAAgAADE1hY2ludG9zaCBIRAAAAAAAAAAAAAAAAAAAANB1loNIKwAAAAeM/x9Db2V5XzIwMDJfUGVybWFuZW50ICNEM0FGNjcucGRmAAAAAAAAAAAAAAAAAAAAAAAAAAAAAAAAAAAAAAAAAAAA069nyZ1uWQAAAAAAAAAAAAEAAwAACSAAAAAAAAAAAAAAAAAAAAAGcGFwZXJzABAACAAA0HWyowAAABEACAAAyZ2YiQAAAAEAEAAHjP8AB4tuAAdTMgACZuYAAgBTTWFjaW50b3NoIEhEOlVzZXJzOgBmYWJpb2ZvcnRrYW1wOgBEcm9wYm94OgBwYXBlcnM6AENvZXlfMjAwMl9QZXJtYW5lbnQgI0QzQUY2Ny5wZGYAAA4AZgAyAEMAbwBlAHkAXwAyADAAMAAyAF8AUABlAHIAbQBhAG4AZQBuAHQAIABtAGEAZwBuAGUAdAAgAGEAcABwAGwAaQBjAGEAdABpAG8AbgBzAF8AMAAwADAAMAAwADAALgBwAGQAZgAPABoADABNAGEAYwBpAG4AdABvAHMAaAAgAEgARAASAFVVc2Vycy9mYWJpb2ZvcnRrYW1wL0Ryb3Bib3gvcGFwZXJzL0NvZXlfMjAwMl9QZXJtYW5lbnQgbWFnbmV0IGFwcGxpY2F0aW9uc18wMDAwMDAucGRmAAATAAEvAAAVAAIAFP//AACABtIbHB0eWiRjbGFzc25hbWVYJGNsYXNzZXNdTlNNdXRhYmxlRGF0YaMdHyBWTlNEYXRhWE5TT2JqZWN00hscIiNcTlNEaWN0aW9uYXJ5oiIgXxAPTlNLZXllZEFyY2hpdmVy0SYnVHJvb3SAAQAIABEAGgAjAC0AMgA3AEAARgBNAFUAYABnAGoAbABuAHEAcwB1AHcAhACOANUA2gDiAvwC/gMDAw4DFwMlAykDMAM5Az4DSwNOA2ADYwNoAAAAAAAAAgEAAAAAAAAAKAAAAAAAAAAAAAAAAAAAA2o=}}

@article{bib:bjork-jap,
	Author = {R. Bj{\o}rk and C. R. H. Bahl and A. Smith and N. Pryds},
	Date-Added = {2015-10-26 10:48:13 +0000},
	Date-Modified = {2015-10-26 10:49:37 +0000},
	Journal = {Journal of Applied Physics},
	Title = {Optimization and improvement of Halbach cylinder design},
	Volume = {104},
	Year = {2008},
	Bdsk-File-1 = {YnBsaXN0MDDUAQIDBAUGJCVYJHZlcnNpb25YJG9iamVjdHNZJGFyY2hpdmVyVCR0b3ASAAGGoKgHCBMUFRYaIVUkbnVsbNMJCgsMDxJXTlMua2V5c1pOUy5vYmplY3RzViRjbGFzc6INDoACgAOiEBGABIAFgAdccmVsYXRpdmVQYXRoWWFsaWFzRGF0YW8QUAAuAC4ALwBEAHIAbwBwAGIAbwB4AC8AcABhAHAAZQByAHMALwBCAGoA+AByAGsAXwAyADAAMAA4AF8ATwBwAHQAaQBtAGkAegBhAHQAaQBvAG4AIABhAG4AZAAgAGkAbQBwAHIAbwB2AGUAbQBlAG4AdAAgAG8AZgAgAEgAYQBsAGIAYQBjAGgAIABfADAAMAAwADAAMAAwAC4AcABkAGbSFwsYGVdOUy5kYXRhTxECOgAAAAACOgACAAAMTWFjaW50b3NoIEhEAAAAAAAAAAAAAAAAAAAA0HWWg0grAAAAB4z/H0Jqv3JrXzIwMDhfT3B0aW1pemF0I0QzQUVFNS5wZGYAAAAAAAAAAAAAAAAAAAAAAAAAAAAAAAAAAAAAAAAAAADTruXI2jf3AAAAAAAAAAAAAQADAAAJIAAAAAAAAAAAAAAAAAAAAAZwYXBlcnMAEAAIAADQdbKjAAAAEQAIAADI2mInAAAAAQAQAAeM/wAHi24AB1MyAAJm5gACAFNNYWNpbnRvc2ggSEQ6VXNlcnM6AGZhYmlvZm9ydGthbXA6AERyb3Bib3g6AHBhcGVyczoAQmq/cmtfMjAwOF9PcHRpbWl6YXQjRDNBRUU1LnBkZgAADgB+AD4AQgBqAPgAcgBrAF8AMgAwADAAOABfAE8AcAB0AGkAbQBpAHoAYQB0AGkAbwBuACAAYQBuAGQAIABpAG0AcAByAG8AdgBlAG0AZQBuAHQAIABvAGYAIABIAGEAbABiAGEAYwBoACAAXwAwADAAMAAwADAAMAAuAHAAZABmAA8AGgAMAE0AYQBjAGkAbgB0AG8AcwBoACAASABEABIAYlVzZXJzL2ZhYmlvZm9ydGthbXAvRHJvcGJveC9wYXBlcnMvQmrDuHJrXzIwMDhfT3B0aW1pemF0aW9uIGFuZCBpbXByb3ZlbWVudCBvZiBIYWxiYWNoIF8wMDAwMDAucGRmABMAAS8AABUAAgAU//8AAIAG0hscHR5aJGNsYXNzbmFtZVgkY2xhc3Nlc11OU011dGFibGVEYXRhox0fIFZOU0RhdGFYTlNPYmplY3TSGxwiI1xOU0RpY3Rpb25hcnmiIiBfEA9OU0tleWVkQXJjaGl2ZXLRJidUcm9vdIABAAgAEQAaACMALQAyADcAQABGAE0AVQBgAGcAagBsAG4AcQBzAHUAdwCEAI4BMQE2AT4DfAN+A4MDjgOXA6UDqQOwA7kDvgPLA84D4APjA+gAAAAAAAACAQAAAAAAAAAoAAAAAAAAAAAAAAAAAAAD6g==}}

@article{bib:tusek,
	Author = {Jaka Tu{\v s}ek and Samo Zupan and Alen {\v S}arlah and Ivan Prebil and Alojz Predo{\v s}},
	Date-Added = {2015-10-14 10:29:20 +0000},
	Date-Modified = {2015-10-14 10:33:04 +0000},
	Journal = {International Journal of Refrigeration},
	Keywords = {Magnetic refrigerator, design, construction, magnet, gadolinium},
	Pages = {294-300},
	Title = {Development of a rotary magnet refrigerator},
	Volume = {33},
	Year = {2010},
	Bdsk-File-1 = {YnBsaXN0MDDUAQIDBAUGJCVYJHZlcnNpb25YJG9iamVjdHNZJGFyY2hpdmVyVCR0b3ASAAGGoKgHCBMUFRYaIVUkbnVsbNMJCgsMDxJXTlMua2V5c1pOUy5vYmplY3RzViRjbGFzc6INDoACgAOiEBGABIAFgAdccmVsYXRpdmVQYXRoWWFsaWFzRGF0YW8QUQAuAC4ALwBEAHIAbwBwAGIAbwB4AC8AcABhAHAAZQByAHMALwBUAHUAcwMMAGUAawBfADIAMAAxADAAXwBEAGUAdgBlAGwAbwBwAG0AZQBuAHQAIABvAGYAIABhACAAcgBvAHQAYQByAHkAIABtAGEAZwBuAGUAdAAgAHIAZQBmAHIAaQBnAGUAcgBhAF8AMAAwADAAMAAwADAALgBwAGQAZtIXCxgZV05TLmRhdGFPEQIsAAAAAAIsAAIAAAxNYWNpbnRvc2ggSEQAAAAAAAAAAAAAAAAAAADQdZaDSCsAAAAHjP8NVHUjQzg2OEVFLnBkZgAAAAAAAAAAAAAAAAAAAAAAAAAAAAAAAAAAAAAAAAAAAAAAAAAAAAAAAAAAAAAAAAAAAMho7tIXOq5QREYgAAAAAAABAAMAAAkgAAAAAAAAAAAAAAAAAAAABnBhcGVycwAQAAgAANB1sqMAAAARAAgAANIXZN4AAAABABAAB4z/AAeLbgAHUzIAAmbmAAIAQU1hY2ludG9zaCBIRDpVc2VyczoAZmFiaW9mb3J0a2FtcDoARHJvcGJveDoAcGFwZXJzOgBUdSNDODY4RUUucGRmAAAOAIAAPwBUAHUAcwMMAGUAawBfADIAMAAxADAAXwBEAGUAdgBlAGwAbwBwAG0AZQBuAHQAIABvAGYAIABhACAAcgBvAHQAYQByAHkAIABtAGEAZwBuAGUAdAAgAHIAZQBmAHIAaQBnAGUAcgBhAF8AMAAwADAAMAAwADAALgBwAGQAZgAPABoADABNAGEAYwBpAG4AdABvAHMAaAAgAEgARAASAGNVc2Vycy9mYWJpb2ZvcnRrYW1wL0Ryb3Bib3gvcGFwZXJzL1R1c8yMZWtfMjAxMF9EZXZlbG9wbWVudCBvZiBhIHJvdGFyeSBtYWduZXQgcmVmcmlnZXJhXzAwMDAwMC5wZGYAABMAAS8AABUAAgAU//8AAIAG0hscHR5aJGNsYXNzbmFtZVgkY2xhc3Nlc11OU011dGFibGVEYXRhox0fIFZOU0RhdGFYTlNPYmplY3TSGxwiI1xOU0RpY3Rpb25hcnmiIiBfEA9OU0tleWVkQXJjaGl2ZXLRJidUcm9vdIABAAgAEQAaACMALQAyADcAQABGAE0AVQBgAGcAagBsAG4AcQBzAHUAdwCEAI4BMwE4AUADcANyA3cDggOLA5kDnQOkA60DsgO/A8ID1APXA9wAAAAAAAACAQAAAAAAAAAoAAAAAAAAAAAAAAAAAAAD3g==}}

@inproceedings{bib:miyazaki,
	Address = {Yokohama, Japan},
	Author = {Yoshiki Miyazaki and Kazuya Ikeda and Koichiro Waki and Naoki Hirano and Sangchul Bae and Tetsuji Okamura and Tsuyoshi Kawanami},
	Booktitle = {Proceedings of the ICR 2015},
	Date-Added = {2015-10-07 11:15:48 +0000},
	Date-Modified = {2015-10-07 11:18:17 +0000},
	Month = {August},
	Title = {Experimental study of room temperature magnetic refrigerator using multilayered magnetocaloric materials},
	Year = {2015},
	Bdsk-File-1 = {YnBsaXN0MDDUAQIDBAUGJCVYJHZlcnNpb25YJG9iamVjdHNZJGFyY2hpdmVyVCR0b3ASAAGGoKgHCBMUFRYaIVUkbnVsbNMJCgsMDxJXTlMua2V5c1pOUy5vYmplY3RzViRjbGFzc6INDoACgAOiEBGABIAFgAdccmVsYXRpdmVQYXRoWWFsaWFzRGF0YV8QUy4uL0Ryb3Bib3gvcGFwZXJzL01peWF6YWtpXzIwMTVfRXhwZXJpbWVudGFsIHN0dWR5IG9mIHJvb20gdGVtcGVyYXR1cmUgbV8wMDAwMDAucGRm0hcLGBlXTlMuZGF0YU8RAkIAAAAAAkIAAgAADE1hY2ludG9zaCBIRAAAAAAAAAAAAAAAAAAAANB1loNIKwAAAAeM/x9NaXlhemFraV8yMDE1X0V4cGVyaSNDNUZDQ0EucGRmAAAAAAAAAAAAAAAAAAAAAAAAAAAAAAAAAAAAAAAAAAAAxfzK0gyExlBERiAAAAAAAAEAAwAACSAAAAAAAAAAAAAAAAAAAAAGcGFwZXJzABAACAAA0HWyowAAABEACAAA0gyu9gAAAAEAEAAHjP8AB4tuAAdTMgACZuYAAgBTTWFjaW50b3NoIEhEOlVzZXJzOgBmYWJpb2ZvcnRrYW1wOgBEcm9wYm94OgBwYXBlcnM6AE1peWF6YWtpXzIwMTVfRXhwZXJpI0M1RkNDQS5wZGYAAA4AhABBAE0AaQB5AGEAegBhAGsAaQBfADIAMAAxADUAXwBFAHgAcABlAHIAaQBtAGUAbgB0AGEAbAAgAHMAdAB1AGQAeQAgAG8AZgAgAHIAbwBvAG0AIAB0AGUAbQBwAGUAcgBhAHQAdQByAGUAIABtAF8AMAAwADAAMAAwADAALgBwAGQAZgAPABoADABNAGEAYwBpAG4AdABvAHMAaAAgAEgARAASAGRVc2Vycy9mYWJpb2ZvcnRrYW1wL0Ryb3Bib3gvcGFwZXJzL01peWF6YWtpXzIwMTVfRXhwZXJpbWVudGFsIHN0dWR5IG9mIHJvb20gdGVtcGVyYXR1cmUgbV8wMDAwMDAucGRmABMAAS8AABUAAgAU//8AAIAG0hscHR5aJGNsYXNzbmFtZVgkY2xhc3Nlc11OU011dGFibGVEYXRhox0fIFZOU0RhdGFYTlNPYmplY3TSGxwiI1xOU0RpY3Rpb25hcnmiIiBfEA9OU0tleWVkQXJjaGl2ZXLRJidUcm9vdIABAAgAEQAaACMALQAyADcAQABGAE0AVQBgAGcAagBsAG4AcQBzAHUAdwCEAI4A5ADpAPEDNwM5Az4DSQNSA2ADZANrA3QDeQOGA4kDmwOeA6MAAAAAAAACAQAAAAAAAAAoAAAAAAAAAAAAAAAAAAADpQ==}}

@article{bib:eriksen,
	Author = {D. Eriksen and K. Engelbrecht and C. R. H. Bahl and and R. Bj{\o}rk and K. K. Nielsen and A. R. Insinga and N. Pryds},
	Date-Added = {2015-10-05 16:22:30 +0000},
	Date-Modified = {2015-10-05 16:25:14 +0000},
	Journal = {International Journal of Refrigeration},
	Keywords = {Magnetic refrigeration, design, model, efficiency, experimental},
	Pages = {14-21},
	Title = {Design and experimental tests of a rotary active magnetic regenerator prototype},
	Volume = {58},
	Year = {2015},
	Bdsk-File-1 = {YnBsaXN0MDDUAQIDBAUGJCVYJHZlcnNpb25YJG9iamVjdHNZJGFyY2hpdmVyVCR0b3ASAAGGoKgHCBMUFRYaIVUkbnVsbNMJCgsMDxJXTlMua2V5c1pOUy5vYmplY3RzViRjbGFzc6INDoACgAOiEBGABIAFgAdccmVsYXRpdmVQYXRoWWFsaWFzRGF0YV8QUi4uL0Ryb3Bib3gvcGFwZXJzL0VyaWtzZW5fMjAxNV9EZXNpZ24gYW5kIGV4cGVyaW1lbnRhbCB0ZXN0cyBvZiBhIHJvdGFyXzAwMDAwMC5wZGbSFwsYGVdOUy5kYXRhTxECQAAAAAACQAACAAAMTWFjaW50b3NoIEhEAAAAAAAAAAAAAAAAAAAA0HWWg0grAAAAB4z/H0VyaWtzZW5fMjAxNV9EZXNpZ24gI0MzQUUzOC5wZGYAAAAAAAAAAAAAAAAAAAAAAAAAAAAAAAAAAAAAAAAAAADDrjjSKXYmUERGIAAAAAAAAQADAAAJIAAAAAAAAAAAAAAAAAAAAAZwYXBlcnMAEAAIAADQdbKjAAAAEQAIAADSKaBWAAAAAQAQAAeM/wAHi24AB1MyAAJm5gACAFNNYWNpbnRvc2ggSEQ6VXNlcnM6AGZhYmlvZm9ydGthbXA6AERyb3Bib3g6AHBhcGVyczoARXJpa3Nlbl8yMDE1X0Rlc2lnbiAjQzNBRTM4LnBkZgAADgCCAEAARQByAGkAawBzAGUAbgBfADIAMAAxADUAXwBEAGUAcwBpAGcAbgAgAGEAbgBkACAAZQB4AHAAZQByAGkAbQBlAG4AdABhAGwAIAB0AGUAcwB0AHMAIABvAGYAIABhACAAcgBvAHQAYQByAF8AMAAwADAAMAAwADAALgBwAGQAZgAPABoADABNAGEAYwBpAG4AdABvAHMAaAAgAEgARAASAGNVc2Vycy9mYWJpb2ZvcnRrYW1wL0Ryb3Bib3gvcGFwZXJzL0VyaWtzZW5fMjAxNV9EZXNpZ24gYW5kIGV4cGVyaW1lbnRhbCB0ZXN0cyBvZiBhIHJvdGFyXzAwMDAwMC5wZGYAABMAAS8AABUAAgAU//8AAIAG0hscHR5aJGNsYXNzbmFtZVgkY2xhc3Nlc11OU011dGFibGVEYXRhox0fIFZOU0RhdGFYTlNPYmplY3TSGxwiI1xOU0RpY3Rpb25hcnmiIiBfEA9OU0tleWVkQXJjaGl2ZXLRJidUcm9vdIABAAgAEQAaACMALQAyADcAQABGAE0AVQBgAGcAagBsAG4AcQBzAHUAdwCEAI4A4wDoAPADNAM2AzsDRgNPA10DYQNoA3EDdgODA4YDmAObA6AAAAAAAAACAQAAAAAAAAAoAAAAAAAAAAAAAAAAAAADog==}}

@inproceedings{bib:eriksen-icr,
	Address = {Yokohama, Japan},
	Author = {Dan Eriksen and Kurt Engelbrecht and Christian Bahl and Rasmus Bj{\o}rk and Kaspar Nielsen and Andrea Insinga and Stefano Sallolio and Nini Pryds},
	Booktitle = {Proceedings of the ICR 2015},
	Date-Added = {2015-10-01 17:08:31 +0000},
	Date-Modified = {2015-10-01 17:11:12 +0000},
	Month = {August},
	Title = {Experimental studies with an active magnetic regenerating refrigerator},
	Year = {2015},
	Bdsk-File-1 = {YnBsaXN0MDDUAQIDBAUGJCVYJHZlcnNpb25YJG9iamVjdHNZJGFyY2hpdmVyVCR0b3ASAAGGoKgHCBMUFRYaIVUkbnVsbNMJCgsMDxJXTlMua2V5c1pOUy5vYmplY3RzViRjbGFzc6INDoACgAOiEBGABIAFgAdccmVsYXRpdmVQYXRoWWFsaWFzRGF0YV8QUi4uL0Ryb3Bib3gvcGFwZXJzL0VyaWtzZW5fMjAxNV9FeHBlcmltZW50YWwgc3R1ZGllcyB3aXRoIGFuIGFjdGl2ZSBtYWduXzAwMDAwMC5wZGbSFwsYGVdOUy5kYXRhTxECQAAAAAACQAACAAAMTWFjaW50b3NoIEhEAAAAAAAAAAAAAAAAAAAA0HWWg0grAAAAB4z/H0VyaWtzZW5fMjAxNV9FeHBlcmltI0MwNDRDMi5wZGYAAAAAAAAAAAAAAAAAAAAAAAAAAAAAAAAAAAAAAAAAAADARMLSDISvUERGIAAAAAAAAQADAAAJIAAAAAAAAAAAAAAAAAAAAAZwYXBlcnMAEAAIAADQdbKjAAAAEQAIAADSDK7fAAAAAQAQAAeM/wAHi24AB1MyAAJm5gACAFNNYWNpbnRvc2ggSEQ6VXNlcnM6AGZhYmlvZm9ydGthbXA6AERyb3Bib3g6AHBhcGVyczoARXJpa3Nlbl8yMDE1X0V4cGVyaW0jQzA0NEMyLnBkZgAADgCCAEAARQByAGkAawBzAGUAbgBfADIAMAAxADUAXwBFAHgAcABlAHIAaQBtAGUAbgB0AGEAbAAgAHMAdAB1AGQAaQBlAHMAIAB3AGkAdABoACAAYQBuACAAYQBjAHQAaQB2AGUAIABtAGEAZwBuAF8AMAAwADAAMAAwADAALgBwAGQAZgAPABoADABNAGEAYwBpAG4AdABvAHMAaAAgAEgARAASAGNVc2Vycy9mYWJpb2ZvcnRrYW1wL0Ryb3Bib3gvcGFwZXJzL0VyaWtzZW5fMjAxNV9FeHBlcmltZW50YWwgc3R1ZGllcyB3aXRoIGFuIGFjdGl2ZSBtYWduXzAwMDAwMC5wZGYAABMAAS8AABUAAgAU//8AAIAG0hscHR5aJGNsYXNzbmFtZVgkY2xhc3Nlc11OU011dGFibGVEYXRhox0fIFZOU0RhdGFYTlNPYmplY3TSGxwiI1xOU0RpY3Rpb25hcnmiIiBfEA9OU0tleWVkQXJjaGl2ZXLRJidUcm9vdIABAAgAEQAaACMALQAyADcAQABGAE0AVQBgAGcAagBsAG4AcQBzAHUAdwCEAI4A4wDoAPADNAM2AzsDRgNPA10DYQNoA3EDdgODA4YDmAObA6AAAAAAAAACAQAAAAAAAAAoAAAAAAAAAAAAAAAAAAADog==}}

@book{bib:spaldin,
	Address = {Cambridge},
	Author = {Nicola A. Spaldin},
	Date-Added = {2015-09-24 16:02:36 +0000},
	Date-Modified = {2015-09-24 16:03:32 +0000},
	Edition = {2},
	Publisher = {Cambridge University Press},
	Title = {Magnetic Materials: Fundamentals and Applications},
	Year = {2011}}

@book{bib:furlani,
	Author = {Edward P. Furlani},
	Date-Added = {2015-09-24 16:00:49 +0000},
	Date-Modified = {2015-09-24 16:01:26 +0000},
	Publisher = {Academic Press},
	Title = {Permanent Magnet and Electromechanical Devices},
	Year = {2001}}

@article{bib:jacobs,
	Author = {S. Jacobs and J. Auringer and A. Boeder and J. Chell and L. Komorowski and J. Leonard and S. Russek and C. Zimm},
	Date-Added = {2015-09-24 12:33:25 +0000},
	Date-Modified = {2015-09-24 12:37:18 +0000},
	Journal = {International Journal of Refrigeration},
	Keywords = {Magnetic refrigeration, magnetocaloric material, active magnetic regeneration, COP},
	Pages = {84-91},
	Title = {The performance of a large-scale rotary magnetic refrigerator},
	Volume = {37},
	Year = {2014},
	Bdsk-File-1 = {YnBsaXN0MDDUAQIDBAUGJCVYJHZlcnNpb25YJG9iamVjdHNZJGFyY2hpdmVyVCR0b3ASAAGGoKgHCBMUFRYaIVUkbnVsbNMJCgsMDxJXTlMua2V5c1pOUy5vYmplY3RzViRjbGFzc6INDoACgAOiEBGABIAFgAdccmVsYXRpdmVQYXRoWWFsaWFzRGF0YV8QUS4uL0Ryb3Bib3gvcGFwZXJzL0phY29ic18yMDE0X1RoZSBwZXJmb3JtYW5jZSBvZiBhIGxhcmdlLXNjYWxlIHJvdGFyeSBfMDAwMDAwLnBkZtIXCxgZV05TLmRhdGFPEQI8AAAAAAI8AAIAAAxNYWNpbnRvc2ggSEQAAAAAAAAAAAAAAAAAAADQdZaDSCsAAAAHjP8fSmFjb2JzXzIwMTRfVGhlIHBlcmYjQkIzNjdDLnBkZgAAAAAAAAAAAAAAAAAAAAAAAAAAAAAAAAAAAAAAAAAAALs2fNGKS/lQREYgAAAAAAABAAMAAAkgAAAAAAAAAAAAAAAAAAAABnBhcGVycwAQAAgAANB1sqMAAAARAAgAANGKdikAAAABABAAB4z/AAeLbgAHUzIAAmbmAAIAU01hY2ludG9zaCBIRDpVc2VyczoAZmFiaW9mb3J0a2FtcDoARHJvcGJveDoAcGFwZXJzOgBKYWNvYnNfMjAxNF9UaGUgcGVyZiNCQjM2N0MucGRmAAAOAIAAPwBKAGEAYwBvAGIAcwBfADIAMAAxADQAXwBUAGgAZQAgAHAAZQByAGYAbwByAG0AYQBuAGMAZQAgAG8AZgAgAGEAIABsAGEAcgBnAGUALQBzAGMAYQBsAGUAIAByAG8AdABhAHIAeQAgAF8AMAAwADAAMAAwADAALgBwAGQAZgAPABoADABNAGEAYwBpAG4AdABvAHMAaAAgAEgARAASAGJVc2Vycy9mYWJpb2ZvcnRrYW1wL0Ryb3Bib3gvcGFwZXJzL0phY29ic18yMDE0X1RoZSBwZXJmb3JtYW5jZSBvZiBhIGxhcmdlLXNjYWxlIHJvdGFyeSBfMDAwMDAwLnBkZgATAAEvAAAVAAIAFP//AACABtIbHB0eWiRjbGFzc25hbWVYJGNsYXNzZXNdTlNNdXRhYmxlRGF0YaMdHyBWTlNEYXRhWE5TT2JqZWN00hscIiNcTlNEaWN0aW9uYXJ5oiIgXxAPTlNLZXllZEFyY2hpdmVy0SYnVHJvb3SAAQAIABEAGgAjAC0AMgA3AEAARgBNAFUAYABnAGoAbABuAHEAcwB1AHcAhACOAOIA5wDvAy8DMQM2A0EDSgNYA1wDYwNsA3EDfgOBA5MDlgObAAAAAAAAAgEAAAAAAAAAKAAAAAAAAAAAAAAAAAAAA50=}}

@book{bib:fem-magnetic,
	Address = {Boca Raton, FL},
	Author = {Jo{\~a}o Pedro Assump{\c}{\~a}o Bastos and Nelson Sadowski},
	Date-Added = {2015-09-21 18:44:46 +0000},
	Date-Modified = {2015-09-21 18:46:02 +0000},
	Publisher = {CRC Press},
	Title = {Magnetic Materials and 3D Finite Element Modeling},
	Year = {2014}}

@book{bib:assumpcao,
	Address = {Florian{\'o}polis},
	Author = {Jo{\~a}o Pedro Assump{\c}{\~a}o Bastos},
	Date-Added = {2015-09-21 18:41:17 +0000},
	Date-Modified = {2015-09-21 18:44:45 +0000},
	Edition = {2},
	Keywords = {electromagnetism, electrical engineering, mathematics, electrostatics, Finite element methods},
	Note = {In Portuguese},
	Publisher = {Editora UFSC},
	Title = {Eletromagnetismo para Engenharia: Est{\'a}tica e Quase Est{\'a}tica},
	Year = {2008}}

@article{bib:aprea,
	Author = {Ciro Aprea and Adriana Greco and Angelo Maiorino and Rita Mastrullo and Armando Tura},
	Date-Added = {2015-09-21 11:12:10 +0000},
	Date-Modified = {2015-09-21 11:13:52 +0000},
	Journal = {International Journal of Refrigeration},
	Keywords = {Magnetic refrigeration, prototype, design, experimental, permanent magnet},
	Pages = {111-122},
	Title = {Initial experimental results from a rotary permanent magnet magnetic refrigerator},
	Volume = {43},
	Year = {2014},
	Bdsk-File-1 = {YnBsaXN0MDDUAQIDBAUGJCVYJHZlcnNpb25YJG9iamVjdHNZJGFyY2hpdmVyVCR0b3ASAAGGoKgHCBMUFRYaIVUkbnVsbNMJCgsMDxJXTlMua2V5c1pOUy5vYmplY3RzViRjbGFzc6INDoACgAOiEBGABIAFgAdccmVsYXRpdmVQYXRoWWFsaWFzRGF0YV8QUC4uL0Ryb3Bib3gvcGFwZXJzL0FwcmVhXzIwMTRfSW5pdGlhbCBleHBlcmltZW50YWwgcmVzdWx0cyBmcm9tIGEgcm90YV8wMDAwMDAucGRm0hcLGBlXTlMuZGF0YU8RAjoAAAAAAjoAAgAADE1hY2ludG9zaCBIRAAAAAAAAAAAAAAAAAAAANB1loNIKwAAAAeM/x9BcHJlYV8yMDE0X0luaXRpYWwgZSNCODIxRkUucGRmAAAAAAAAAAAAAAAAAAAAAAAAAAAAAAAAAAAAAAAAAAAAuCH+0gyI5FBERiAAAAAAAAEAAwAACSAAAAAAAAAAAAAAAAAAAAAGcGFwZXJzABAACAAA0HWyowAAABEACAAA0gyzFAAAAAEAEAAHjP8AB4tuAAdTMgACZuYAAgBTTWFjaW50b3NoIEhEOlVzZXJzOgBmYWJpb2ZvcnRrYW1wOgBEcm9wYm94OgBwYXBlcnM6AEFwcmVhXzIwMTRfSW5pdGlhbCBlI0I4MjFGRS5wZGYAAA4AfgA+AEEAcAByAGUAYQBfADIAMAAxADQAXwBJAG4AaQB0AGkAYQBsACAAZQB4AHAAZQByAGkAbQBlAG4AdABhAGwAIAByAGUAcwB1AGwAdABzACAAZgByAG8AbQAgAGEAIAByAG8AdABhAF8AMAAwADAAMAAwADAALgBwAGQAZgAPABoADABNAGEAYwBpAG4AdABvAHMAaAAgAEgARAASAGFVc2Vycy9mYWJpb2ZvcnRrYW1wL0Ryb3Bib3gvcGFwZXJzL0FwcmVhXzIwMTRfSW5pdGlhbCBleHBlcmltZW50YWwgcmVzdWx0cyBmcm9tIGEgcm90YV8wMDAwMDAucGRmAAATAAEvAAAVAAIAFP//AACABtIbHB0eWiRjbGFzc25hbWVYJGNsYXNzZXNdTlNNdXRhYmxlRGF0YaMdHyBWTlNEYXRhWE5TT2JqZWN00hscIiNcTlNEaWN0aW9uYXJ5oiIgXxAPTlNLZXllZEFyY2hpdmVy0SYnVHJvb3SAAQAIABEAGgAjAC0AMgA3AEAARgBNAFUAYABnAGoAbABuAHEAcwB1AHcAhACOAOEA5gDuAywDLgMzAz4DRwNVA1kDYANpA24DewN+A5ADkwOYAAAAAAAAAgEAAAAAAAAAKAAAAAAAAAAAAAAAAAAAA5o=}}

@article{bib:tura-rowe-amr,
	Author = {A. Tura and A. Rowe},
	Date-Added = {2015-09-14 12:19:32 +0000},
	Date-Modified = {2015-09-21 13:16:41 +0000},
	Journal = {International Journal of Refrigeration},
	Keywords = {Magnetic refrigerator, Magnet, Magnetic field, Gadolinium, Regenerator, Curie, COP},
	Pages = {628-639},
	Title = {Permanent magnet magnetic refrigerator design and experimental characterization},
	Volume = {34},
	Year = {2011},
	Bdsk-File-1 = {YnBsaXN0MDDUAQIDBAUGJCVYJHZlcnNpb25YJG9iamVjdHNZJGFyY2hpdmVyVCR0b3ASAAGGoKgHCBMUFRYaIVUkbnVsbNMJCgsMDxJXTlMua2V5c1pOUy5vYmplY3RzViRjbGFzc6INDoACgAOiEBGABIAFgAdccmVsYXRpdmVQYXRoWWFsaWFzRGF0YV8QTy4uL0Ryb3Bib3gvcGFwZXJzL1R1cmFfMjAxMV9QZXJtYW5lbnQgbWFnbmV0IG1hZ25ldGljIHJlZnJpZ2VyYXRvciBkXzAwMDAwMC5wZGbSFwsYGVdOUy5kYXRhTxECNgAAAAACNgACAAAMTWFjaW50b3NoIEhEAAAAAAAAAAAAAAAAAAAA0HWWg0grAAAAB4z/H1R1cmFfMjAxMV9QZXJtYW5lbnQgI0IyRTRFNC5wZGYAAAAAAAAAAAAAAAAAAAAAAAAAAAAAAAAAAAAAAAAAAACy5OTSDIUJUERGIAAAAAAAAQADAAAJIAAAAAAAAAAAAAAAAAAAAAZwYXBlcnMAEAAIAADQdbKjAAAAEQAIAADSDK85AAAAAQAQAAeM/wAHi24AB1MyAAJm5gACAFNNYWNpbnRvc2ggSEQ6VXNlcnM6AGZhYmlvZm9ydGthbXA6AERyb3Bib3g6AHBhcGVyczoAVHVyYV8yMDExX1Blcm1hbmVudCAjQjJFNEU0LnBkZgAADgB8AD0AVAB1AHIAYQBfADIAMAAxADEAXwBQAGUAcgBtAGEAbgBlAG4AdAAgAG0AYQBnAG4AZQB0ACAAbQBhAGcAbgBlAHQAaQBjACAAcgBlAGYAcgBpAGcAZQByAGEAdABvAHIAIABkAF8AMAAwADAAMAAwADAALgBwAGQAZgAPABoADABNAGEAYwBpAG4AdABvAHMAaAAgAEgARAASAGBVc2Vycy9mYWJpb2ZvcnRrYW1wL0Ryb3Bib3gvcGFwZXJzL1R1cmFfMjAxMV9QZXJtYW5lbnQgbWFnbmV0IG1hZ25ldGljIHJlZnJpZ2VyYXRvciBkXzAwMDAwMC5wZGYAEwABLwAAFQACABT//wAAgAbSGxwdHlokY2xhc3NuYW1lWCRjbGFzc2VzXU5TTXV0YWJsZURhdGGjHR8gVk5TRGF0YVhOU09iamVjdNIbHCIjXE5TRGljdGlvbmFyeaIiIF8QD05TS2V5ZWRBcmNoaXZlctEmJ1Ryb290gAEACAARABoAIwAtADIANwBAAEYATQBVAGAAZwBqAGwAbgBxAHMAdQB3AIQAjgDgAOUA7QMnAykDLgM5A0IDUANUA1sDZANpA3YDeQOLA44DkwAAAAAAAAIBAAAAAAAAACgAAAAAAAAAAAAAAAAAAAOV}}

